@article{vaswani2017attention,
  title={Attention is all you need},
  author={Vaswani, Ashish and Shazeer, Noam and Parmar, Niki and Uszkoreit, Jakob and Jones, Llion and Gomez, Aidan N and Kaiser, Lukasz and Polosukhin, Illia},
  journal={Advances in neural information processing systems},
  volume={30},
  year={2017},
  publisher={Curran Associates, Inc.}
}

@book{manning1999foundations,
  title={Foundations of statistical natural language processing},
  author={Manning, Christopher D and Schütze, Hinrich},
  year={1999},
  publisher={MIT press}
}

@misc{newsapi,
  title={NewsAPI—Get breaking news headlines, and search for articles from news sources across the web},
  author={NewsAPI},
  howpublished={\url{https://newsapi.org/}},
  year={2024},
  note={Accessed: 2024-09-25}
}

@inproceedings{raffel2020exploring,
  title={Exploring the limits of transfer learning with a unified text-to-text transformer},
  author={Raffel, Colin and Shazeer, Noam and Roberts, Adam and Lee, Katherine and Narang, Sharan and Matena, Michael and Zhou, Yanqi and Li, Wei and Liu, Peter J},
  booktitle={Journal of Machine Learning Research},
  year={2020},
  pages={5485--5555}
}
